<record xmlns="http://www.loc.gov/MARC21/slim">
  <leader>01348cam a2200253 | 4500</leader>
  <controlfield tag="001">97065</controlfield>
  <controlfield tag="008">090976s1920    cau                 eng l</controlfield>
  <datafield tag="035" ind1=" " ind2=" ">
    <subfield code="a">ocm01965147</subfield>
  </datafield>
  <datafield tag="039" ind1="0" ind2=" ">
    <subfield code="a">0149183R</subfield>
    <subfield code="f">REV</subfield>
  </datafield>
  <datafield tag="040" ind1=" " ind2=" ">
    <subfield code="a">DLC</subfield>
    <subfield code="b">eng</subfield>
  </datafield>
  <datafield tag="043" ind1=" " ind2=" ">
    <subfield code="a">n-us---</subfield>
  </datafield>
  <datafield tag="049" ind1=" " ind2=" ">
    <subfield code="a">aeu</subfield>
    <subfield code="b">eng</subfield>
  </datafield>
  <datafield tag="050" ind1="0" ind2=" ">
    <subfield code="a">HD 9560.7 U5</subfield>
    <subfield code="b">M88 1920</subfield>
  </datafield>
  <datafield tag="090" ind1="0" ind2="0">
    <subfield code="a">HD 9560.7 U5 M88 1920</subfield>
    <subfield code="b">LL</subfield>
  </datafield>
  <datafield tag="100" ind1="1" ind2="0">
    <subfield code="a">Morrison, R. S.</subfield>
    <subfield code="q">(Robert Stewart),</subfield>
    <subfield code="d">1843-1920.</subfield>
  </datafield>
  <datafield tag="245" ind1="1" ind2="0">
    <subfield code="a">Oil and gas rights on the public domain and on private lands,</subfield>
    <subfield code="b">discovery and location of oil placer claims.  The withdrawal acts, leases and other contracts between the owner and the operator, including forfeiture and protection against drainage; the sinking, pumping and shooting of wells, statutes, decisions and forms; the Oil Leasing Act of 1920.  The regulations of the Interior department and procedure to procure permits and leases and protect titles under that act.  For the legal profession and oil prospectors and companies, </subfield>
    <subfield code="c">by R. S. Morrison and Emilio P. De Soto.</subfield>
  </datafield>
  <datafield tag="260" ind1="0" ind2=" ">
    <subfield code="a">San Francisco, </subfield>
    <subfield code="b">Bender-Moss </subfield>
    <subfield code="c">[1920]</subfield>
  </datafield>
  <datafield tag="300" ind1=" " ind2=" ">
    <subfield code="a">1115 p.  </subfield>
    <subfield code="c">24 cm.</subfield>
  </datafield>
  <datafield tag="596" ind1=" " ind2=" ">
    <subfield code="a">38</subfield>
  </datafield>
  <datafield tag="650" ind1=" " ind2="0">
    <subfield code="a">Petroleum</subfield>
    <subfield code="z">United States</subfield>
  </datafield>
  <datafield tag="650" ind1=" " ind2="0">
    <subfield code="a">Natural gas</subfield>
    <subfield code="z">United States</subfield>
  </datafield>
  <datafield tag="650" ind1=" " ind2="0">
    <subfield code="a">Public lands</subfield>
    <subfield code="z">United States</subfield>
  </datafield>
  <datafield tag="700" ind1="1" ind2=" ">
    <subfield code="a">De Soto, Emilio D.</subfield>
    <subfield code="q">(Emilio Dominguez),</subfield>
    <subfield code="d">b. 1865.</subfield>
    <subfield code="e">joint author.</subfield>
  </datafield>
  <datafield tag="926" ind1=" " ind2=" ">
    <subfield code="a">UABARD</subfield>
    <subfield code="b">ON_SHELF</subfield>
    <subfield code="c">HD 9560.7 U5 M88 1920</subfield>
    <subfield code="d">BOOK</subfield>
    <subfield code="f">1</subfield>
  </datafield>
</record>
